@online{secondDerivativeTest,
    author = {Eric W. Weisstein},
    title = {Second Derivative Test},
    url = {https://mathworld.wolfram.com/SecondDerivativeTest.html},
    urldate = {2021-07-15}
}
